@misc{rest:2000,
	author = {Roy Thomas Fielding},
    title = {{Architectural Styles and the Design of Network-based Software Architectures}},
	howpublished = "\url{https://www.ics.uci.edu/~fielding/pubs/dissertation/top.htm}",
    year = {2000},
    note = "[Online; accessed 23-September-2017]"
}

@misc{graphql:2016,
	author = {Facebook},
    title = {{GraphQL - A query language for your API}},
	howpublished = "\url{http://graphql.org/}",
    year = {2016},
    note = "[Online; accessed 23-September-2017]"
}

@misc{sturgeon:2017,
	author = {Phil Sturgeon},
    title = {{GraphQL vs REST: Overview}},
	howpublished = "\url{https://philsturgeon.uk/api/2017/01/24/graphql-vs-rest-overview/}",
    year = {2017},
    note = "[Online; accessed 23-September-2017]"
}

@misc{rodriguez:2008,
	author = {Alex Rodriguez},
    title = {{RESTful Web services: The basics}},
	howpublished = "\url{https://www.ibm.com/developerworks/library/ws-restful/index.html}",
    year = {2008},
    note = "[Online; accessed 23-September-2017]"
}

@misc{graphql-arch:2017,
	author = {Howtographql},
    title = {{Big Picture (Architecture)}},
	howpublished = "\url{https://www.howtographql.com/basics/3-big-picture/}",
    year = {2017},
    note = "[Online; accessed 23-September-2017]"
}

@misc{awesome-rest:2017,
	author = {Marmelab},
    title = {{Awesome REST - Servers}},
	howpublished = "\url{https://github.com/marmelab/awesome-rest#servers}",
    year = {2017},
    note = "[Online; accessed 23-September-2017]"
}

@misc{apollodata:2017,
	author = {Apollodata},
    title = {{Tools & Products for GraphQL}},
	howpublished = "\url{https://www.apollodata.com/}",
    year = {2017},
    note = "[Online; accessed 23-September-2017]"
}

@misc{restify:2017,
	author = {Restify},
    title = {{The future of Node.js REST development}},
	howpublished = "\url{http://restify.com/}",
    year = {2017},
    note = "[Online; accessed 23-September-2017]"
}

@misc{apollo-server:2017,
	author = {Apollodata},
    title = {{GraphQL server for Restify, Express, Connect, Hapi and Koa}},
	howpublished = "\url{https://github.com/apollographql/apollo-server}",
    year = {2017},
    note = "[Online; accessed 23-September-2017]"
}

@misc{join-monster:2017,
	author = {Stem},
    title = {{Query Planning and Batch Data Fetching between GraphQL and SQL}},
	howpublished = "\url{http://join-monster.readthedocs.io/en/latest/}",
    year = {2017},
    note = "[Online; accessed 23-September-2017]"
}

@misc{bookshelfjs:2017,
	author = {Tim Griesser},
    title = {{A simple Node.js ORM for PostgreSQL, MySQL and SQLite3 built on top of Knex.js}},
	howpublished = "\url{http://bookshelfjs.org/}",
    year = {2017},
    note = "[Online; accessed 23-September-2017]"
}

@misc{github-graphql:2017,
	author = {GitHub},
    title = {{GitHub GraphQL API v4}},
	howpublished = "\url{https://developer.github.com/v4/}",
    year = {2017},
    note = "[Online; accessed 23-September-2017]"
}

@misc{github-rest:2017,
	author = {GitHub},
    title = {{GitHub REST API v3}},
	howpublished = "\url{https://developer.github.com/v3/}",
    year = {2017},
    note = "[Online; accessed 23-September-2017]"
}